@online{moscow,
 author		= "Wikipedia",
 title		= "MoSCoW method",
 url		= "https://en.wikipedia.org/wiki/MoSCoW_method",
 year		= {2017},
 note		= {25. Maj}
}

@online{raspap,
 author		= "Bill Zimmerman",
 title		= "RaspAP-Webgui",
 url		= "https://github.com/billz/raspap-webgui",
 year		= {2017},
 note		= {23. Maj}
}

@online{motioneye,
 author		= "Calin Crisan",
 title		= "motionEye",
 url		= "https://github.com/ccrisan/motioneye",
 year		= {2017},
 note		= {23. Maj}
}

@online{motion,
 author		= "Motion-Project",
 title		= "Motion",
 url		= "https://github.com/Motion-Project/motion",
 year		= {2017},
 note		= {23. Maj}
}

@article{MRL,
 author 	= "Rainer Lienhart, Alexander Kuranov, Vadim Pisarevsky",
 title 		= "Empirical Analysis of Detection Cascades of Boosted Classifiers for Rapid Object Detection",
 volume 	= "7",
 year 		= "2002",
}

@article{VIOLA,
 author 	= "Paul Viola, Michael Jones",
 title 		= "Rapid Object Detection using a Boosted Cascade of Simple Features",
 volume 	= "9",
 year 		= "2001",
}

@online{robot_bil,
 author		= "AliExpress",
 title		= "Multi-function 4WD Robot car kit",
 url		= "https://www.aliexpress.com/item/Multi-function-4WD-Robot-Car-Kits-Ultrasonic-Module-UNO-R3-MEGA328P-Robot-Car-Assembly-Kit-for/32704036621.html?spm=2114.13010608.0.0.lORZDC",
 year		= {2016},
 note		= {18. Oktober}
}




@book{ragnar,
 title 		= {Hej med dig},
 author 	= {Dixen, Ragnar},
 pages 		= {133--156},
 year 		= {2005},
 note 		= {13:42}
}

@article{einstein,
 author 	= "Albert Einstein",
 title 		= "{Zur Elektrodynamik bewegter K{\"o}rper}. ({German})
 [{On} the electrodynamics of moving bodies]",
 journal 	= "Annalen der Physik",
 volume 	= "322",
 number 	= "10",
 pages 		= "891--921",
 year 		= "1905",
 DOI 		= "http://dx.doi.org/10.1002/andp.19053221004",
 keywords 	= "physics"
}

@online{knuthwebsite,
 author		= "Donald Knuth",
 title		= "Knuth: Computers and Typesetting",
 url		= "http://www-cs-faculty.stanford.edu/~uno/abcde.html",
 keywords	= "latex,knuth"
}

@inbook{knuth-fa,
 author		= "Donald E. Knuth",
 title 		= "Fundamental Algorithms",
 publisher 	= "Addison-Wesley",
 year 		= "1973",
 chapter 	= "1.2",
 keywords  	= "knuth,programming"
}
